@book{open_display_networks,
		Author = {Nigel Davies, Marc Langheinrich, Rui Jos√© and Albrecht Schmidt},
		Title = {Open Display Networks: A communications Medium for the 21st Century},
		Keywords = {},
		Year = {2010}}